%%%%%%%%%% A


%%%%%%%%%% B

@article{bull2005,
  title={Plasmodium falciparum variant surface antigen expression patterns during malaria},
  author={Bull, PC and Berriman, M and Kyes, S and et al},
  journal={PLoS Pathog},
  volume={1},
  number={3},
  pages={e26},
  year={2005},
  publisher={}
}

@article{bull2007,
  title={An approach to classifying sequence tags sampled from Plasmodium falciparum var genes},
  author={Bull, PC and Kyes, S and Buckee, CO and Montgomery, J and Kortok, MM and Newbold, CI and Marsh, K},
  journal={Mol Biochem Parasito},
  volume={154},
  number={1},
  pages={98--102},
  year={2007},
  publisher={Elsevier}
}

@article{bull2008,
  title={Plasmodium falciparum antigenic variation. Mapping mosaic var gene sequences onto a network of shared, highly polymorphic sequence blocks},
  author={Bull, PC and Buckee, CO and Kyes, S and Kortok, MM and Thathy, V and Guyah, B and McVean, Stoute JA and Newbold, CI and Marsh, K},
  journal={Mol Microbiol},
  volume={68},
  number={6},
  pages={1519--1534},
  year={2008},
  publisher={ Blackwell Publishing Ltd}
}



%%%%%%%%%% C
@article{chan2012,
  title={Targets of antibodies against Plasmodium falciparum-infected erythrocytes in malaria immunity},
  author={Chan, JA and Howell, KB and Reiling, L and et al.},
  journal={J Clin Invest},
  volume={122},
  number={9},
  pages={3227--3238},
  year={2017},
  publisher={}
}

%%%%%%%%%% D

%%%%%%%%%% E

%%%%%%%%%% F

%%%%%%%%%% G
@article{gardner2002,
  title={Genome sequence of the human malaria parasite Plasmodium falciparum},
  author={Gardner, MJ and Hall, N and Fung, E and et al},
  journal={Nature},
  volume={419},
  number={6906},
  pages={498--511},
  year={2002},
  publisher={}
}

@article{githinji2017,
  title={A reassessment of gene-tag classification approaches for describing var gene expression patterns during human Plasmodium falciparum malaria parasite infections},
  author={Githinji, G and Bull, PC},
  journal={Wellcome Open Res},
  volume={2},
  number={86},
  pages={},
  year={2017},
  publisher={}
}

%%%%%%%%%% H
@article{hsieh2016,
  title={The structural basis for CD36 binding by the malaria parasite},
  author={Hsieh, FL and Turner, L and Bolla, JR and et al},
  journal={Nat Commun},
  volume={7},
  number={12837},
  pages={},
  year={2016},
  publisher={}
}


%%%%%%%%%% I

%%%%%%%%%% J

%%%%%%%%%% K

%%%%%%%%%% L
@article{lau2015,
  title={Structural conservation despite huge sequence diversity allows EPCR binding by the PfEMP1 family implicated in severe childhood malaria},
  author={Lau, CK and Turner, L and Jespersen, JS and et al},
  journal={Cell Host Microbe},
  volume={17},
  number={1},
  pages={118--129},
  year={2015},
  publisher={}
}

@article{lavstsen2012,
  title={Plasmodium falciparum erythrocyte membrane protein 1 domain cassettes 8 and 13 are associated with severe malaria in children},
  author={Lavstsen, T and Turner, L and Saguti, F and et al},
  journal={Proc Natl Acad Sci U S A},
  volume={109},
  number={26},
  pages={E1791--800},
  year={2012},
  publisher={}
}


%%%%%%%%%% M

%%%%%%%%%% N

%%%%%%%%%% O

%%%%%%%%%% P

%%%%%%%%%% Q

%%%%%%%%%% R
@article{rask2010,
  title={Plasmodium falciparum erythrocyte membrane protein 1 diversity in seven genomes--divide and conquer},
  author={Rask, TS and Hansen, DA and Theander, TG and Pedersen, AG and Lavsten, T},
  journal={PLoS Comput Biol},
  volume={6},
  number={9},
  pages={},
  year={2010},
  publisher={}
}


%%%%%%%%%% S

%%%%%%%%%% T
@article{turner2013,
  title={Severe malaria is associated with parasite binding to endothelial protein C receptor},
  author={Turner, L and Lavstsen, T and Berger, SS and et al},
  journal={Nature},
  volume={498},
  number={7455},
  pages={502--505},
  year={2013},
  publisher={}
}

%%%%%%%%%% U

%%%%%%%%%% V
@article{vazquez2002,
  title={A distinct 5' flanking var gene region regulates Plasmodium falciparum variant erythrocyte surface antigen expression in placental malaria},
  author={Vazquez-Macias, A and Martinez-Cruz, P and Castaneda-Patlan, MC and et al},
  journal={Mol Microbiol},
  volume={45},
  number={1},
  pages={155--167},
  year={2002},
  publisher={}
}

%%%%%%%%%% W
@article{warimwe2012,
  title={Prognostic indicators of life-threatening malaria are associated with distinct parasite variant antigen profiles},
  author={Warimwe, GM and Fegan, G and Musyoki, JN and et al},
  journal={Sci Transl Med},
  volume={4},
  number={129},
  pages={129ra45},
  year={2012},
  publisher={}
}

%%%%%%%%%% X

%%%%%%%%%% Y

%%%%%%%%%% Z
