@FOOTNOTE{Note1,key="Note1",note="\protect \url  {https://osf.io/uwcn2/}"}
